@inproceedings{Martin:2017,
	address = {Columbus, OH},
	title = {Problem-based {Learning} {Module} for {Teaching} {Thermodynamic} {Cycle} {Analysis} using {PYroMat}},
	url = {https://peer.asee.org/problem-based-learning-module-for-teaching-thermodynamic-cycle-analysis-using-pyromat},
	doi = {https://peer.asee.org/28757},
	urldate = {2019-02-14},
	author = {Martin, Christopher Reed and Ranalli, Joseph and Moore, Jacob Preston},
	month = jun,
	year = {2017},
	pages = {13},
}


@inproceedings{Martin:2016,
	title = {Teaching the foundations of thermodynamics with {PYro}},
	doi = {10.1109/FIE.2016.7757589},
	booktitle = {2016 {IEEE} {Frontiers} in {Education} {Conference} ({FIE})},
	author = {Martin, C. R. and Moore, J. P. and Ranalli, J. A.},
	month = oct,
	year = {2016},
	keywords = {Brayton cycle, Calculators, Chemicals, Documentation, Education, NIST JANAF database, PYro thermodynamic property calculator, Python language, Software, Temperature, Thermodynamics, computer aided instruction, educational courses, educational software, foundational thermodynamics courses, free open-source software, higher-level cognitive thinking, ideal Brayton cycle, ideal gases, mechanical engineering computing, multiphase substances, parametric analysis, public domain software, teaching},
	pages = {1--6},
}


@inproceedings{Ranalli:2019,
	address = {Tampa, FL},
	title = {An {Online} {Tool} for {Facilitating} {Thermodynamic} {Property} {Lookups}},
	doi = {10.18260/1-2--32083},
	publisher = {American Society for Engineering Education},
	author = {{Joseph Ranalli} and {Christopher Martin} and {Jacob Moore}},
	month = jun,
	year = {2019},
	pages = {9},
}

@article{Bell:2014,
	title = {Pure and {Pseudo}-pure {Fluid} {Thermophysical} {Property} {Evaluation} and the {Open}-{Source} {Thermophysical} {Property} {Library} {CoolProp}},
	volume = {53},
	url = {http://pubs.acs.org/doi/abs/10.1021/ie4033999},
	doi = {10.1021/ie4033999},
	number = {6},
	journal = {Industrial and Engineering Chemistry Research},
	author = {{Ian H. Bell} and {Jorrit Wronski} and {Sylvain Quoilin} and {Vincent Lemort}},
	year = {2014},
	pages = {2498--2508},
}

@misc{Lemmon:2018,
	title = {{NIST} {Standard} {Reference} {Database} 23: {Reference} {Fluid} {Thermodynamic} and {Transport} {Properties}-{REFPROP}},
	url = {https://www.nist.gov/srd/refprop},
	publisher = {National Institute of Standards and Technology},
	author = {{E.W. Lemmon} and {Ian H. Bell} and {M.L. Huber} and {M.O. McLinden}},
	year = {2018},
}

@misc{pmhandbook,
	title = {The PYroMat User and Developer Handbook},
	url = {http://pyromat.org/pdf/handbook.pdf},
	author = {Christopher R. Martin},
	year = {2022},
}


@ARTICLE{span:2003:1,
  author = {R. Span and W. Wagner},
  title = {Equations of state for technical applications. I. Simultaneously optimized functional forms for nonpolar and polar fluids},
  journal = {International Journal of Thermophysics},
  volume = {24},
  number = {1},
  year = {2003},
  pages = {1-39},
}
@ARTICLE{span:2003:2,
  author = {R. Span and W. Wagner},
  title = {Equations of state for technical applications. II. Results for nonpolar fluids},
  journal = {International Journal of Thermophysics},
  volume = {24},
  number = {1},
  year = {2003},
  pages = {41-109},
}
@ARTICLE{span:2003:3,
  author = {R. Span and W. Wagner},
  title = {Equations of state for technical applications. III. Results for polar fluids},
  journal = {International Journal of Thermophysics},
  volume = {24},
  number = {1},
  year = {2003},
  pages = {111-162},
}
@MISC{nist:webbook,
  howpublished = {National Institute for Standards and Technology, https://webbook.nist.gov/},
  note = {accessed: Jun, 2021},
}
@TECHREPORT{mcbride:1993,
  author = {Bonnie J. {McBride} and Sanford Gordon and Martin A. Reno},
  title = {Coefficients for Calculating Thermodynamic and Transport Properties of Individual Species},
  institution = {NASA},
  year = {1993},
  number = {4513},
}